<record><leader>00000cas a22000007a 4500</leader><controlfield tag="001">20266548</controlfield><controlfield tag="008">890826d19021923gaudr ne      0    0eng d</controlfield><datafield ind1=" " ind2=" " tag="010"><subfield code="a">sn 88054098 </subfield></datafield><datafield ind1=" " ind2=" " tag="040"><subfield code="a">NLG</subfield><subfield code="b">eng</subfield><subfield code="c">NLG</subfield><subfield code="d">GUA</subfield><subfield code="d">OCLCQ</subfield></datafield><datafield ind1=" " ind2=" " tag="042"><subfield code="a">msc</subfield></datafield><datafield ind1="0" ind2=" " tag="130"><subfield code="a">Athens banner (Athens, Ga. : 1902)</subfield></datafield><datafield ind1="1" ind2="4" tag="245"><subfield code="a">The Athens banner.</subfield></datafield><datafield ind1="3" ind2="0" tag="246"><subfield code="a">Banner-herald</subfield></datafield><datafield ind1=" " ind2=" " tag="260"><subfield code="a">Athens, Ga. :</subfield><subfield code="b">H.J. Rowe</subfield></datafield><datafield ind1=" " ind2=" " tag="300"><subfield code="a">v.</subfield></datafield><datafield ind1=" " ind2=" " tag="310"><subfield code="a">Daily</subfield></datafield><datafield ind1="0" ind2=" " tag="362"><subfield code="a">Dec. 7, 1902-v. 91, no. 21 (Feb. 11, 1923).</subfield></datafield><datafield ind1=" " ind2=" " tag="500"><subfield code="a">On Sunday published with Athens daily herald as: Banner-herald, -Feb. 11, 1923.</subfield></datafield><datafield ind1=" " ind2=" " tag="515"><subfield code="a">No volume or issue numbering Dec. 7, 1902-</subfield></datafield><datafield ind1=" " ind2=" " tag="752"><subfield code="a">United States</subfield><subfield code="b">Georgia</subfield><subfield code="c">Clarke</subfield><subfield code="d">Athens.</subfield></datafield><datafield ind1="0" ind2=" " tag="775"><subfield code="t">Weekly banner (Athens, Ga. : 1891)</subfield><subfield code="w">(DLC)sn 88054112</subfield><subfield code="w">(OCoLC)21225094</subfield></datafield><datafield ind1="0" ind2="0" tag="780"><subfield code="t">Athens daily banner (Athens, Ga. : 1889)</subfield><subfield code="w">(DLC)sn 89053947</subfield><subfield code="w">(OCoLC)21224690</subfield></datafield><datafield ind1="0" ind2="7" tag="785"><subfield code="t">Athens daily herald</subfield><subfield code="w">(DLC)sn 88054118</subfield><subfield code="w">(OCoLC)21224482</subfield></datafield><datafield ind1="0" ind2="7" tag="785"><subfield code="t">Banner-herald (Athens, Ga. : 1923)</subfield><subfield code="w">(DLC)sn 88054099</subfield><subfield code="w">(OCoLC)21220527</subfield></datafield></record>